
@article{lazarov2011filters,
  author    = {B. S. Lazarov and O. Sigmund},
  title     = {Filters in topology optimization based on Helmholtz-type differential equations},
  journal   = {International Journal for Numerical Methods in Engineering},
  volume    = {86},
  pages     = {765--781},
  year      = {2011},
  doi       = {10.1002/nme.3072}
}

@article{wang2011projection,
  author    = {F. Wang and B. S. Lazarov and O. Sigmund},
  title     = {On projection methods, convergence and robust formulations in topology optimization},
  journal   = {Structural and Multidisciplinary Optimization},
  volume    = {43},
  pages     = {767--784},
  year      = {2011},
  doi       = {10.1007/s00158-010-0602-y}
}

@article{bendsoe1989optimal,
  author    = {M. P. Bendsoe},
  title     = {Optimal shape design as a material distribution problem},
  journal   = {Structural Optimization},
  volume    = {1},
  pages     = {193--202},
  year      = {1989},
  doi       = {10.1007/BF01650949}
}